@Book{Allen-2003,
  author =	 {L J S Allen},
  title =	 {An Introduction to Stochastic Processes with
                  Applications to Biology},
  publisher =	 {Pearson Prentice Hall},
  year =	 2003,
  address =	 {Upper Saddle River, N.J.}
}

@article{Lewontin-1970-1,
  author =       {RC Lewontin},
  journal =      {Annual Review of Ecology and Systematics},
  title =        {The units of selection},
  number =       1,
  pages =        {1--18},
  volume =       1,
  year =         1970,
}
